<?xml version="1.0" encoding="UTF-8"?><collection xmlns="http://www.loc.gov/MARC21/slim"><record><leader>00505nam--2200181-i-4500</leader><controlfield tag="001">000039880</controlfield><controlfield tag="002">20161230</controlfield><controlfield tag="005">20161230201042</controlfield><controlfield tag="008">060222s1000------------r-----000-0-fre-d</controlfield><datafield ind1=" " ind2=" " tag="040"><subfield code="a">IFIN-HH</subfield></datafield><datafield ind1=" " ind2=" " tag="041"><subfield code="a">fre</subfield></datafield><datafield ind1=" " ind2=" " tag="080"><subfield code="a">539.143.4(043)</subfield></datafield><datafield ind1="1" ind2=" " tag="100"><subfield code="a">Roux, Dominique</subfield></datafield><datafield ind1="1" ind2="0" tag="245"><subfield code="a">Interactions indirectes entre spins nuclaires dans les champs faibles</subfield><subfield code="b">These</subfield><subfield code="c">Dominique roux</subfield></datafield><datafield ind1=" " ind2=" " tag="260"><subfield code="a">Geneve</subfield><subfield code="b">Universite</subfield><subfield code="c">1958</subfield></datafield><datafield ind1=" " ind2=" " tag="300"><subfield code="a">/510-544/P</subfield></datafield><datafield ind1=" " ind2=" " tag="852"><subfield code="a">77000</subfield><subfield code="c">539.143.43</subfield></datafield><datafield ind1=" " ind2=" " tag="CAT"><subfield code="a">Sys</subfield><subfield code="c">20120514</subfield><subfield code="h">094541</subfield></datafield></record></collection>